@article{1_langille_hsiao_brinkman_2010,
author={Langille, Morgan G. I. and Hsiao, William W. L. and Brinkman, Fiona S. L.},
title={Detecting genomic islands using bioinformatics approaches},
volume={8},
urldate={2016-12-14},
DOI={10.1038/nrmicro2350},
number={5},
journal={Nature Reviews Microbiology},
year={2010},
pages={373-382}

@article{2_islandviewer3,
author={Dhillon, Bhavjinder K. and Laird, Matthew R. and Shay, Julie A. and Winsor, Geoffrey L. and Lo, Raymond and Nizam, Fazmin and Pereira, Sheldon K. and Waglechner, Nicholas and McArthur, Andrew G. and Langille, Morgan G.I. et al.},
title={IslandViewer 3: more flexible, interactive genomic island discovery, visualization and analysis: Figure 1.},
volume={43},[break] urldate={2016-12-14},
DOI={10.1093/nar/gkv401},
number={W1},
journal={Nucleic Acids Research},
year={2015},
pages={W104-W108}

@article{3_dobrindt_2004,
author={Dobrindt, Ulrich and Hochhut, Bianca and Hentschel, Ute and Hacker, Jörg},
title={Genomic islands in pathogenic and environmental microorganisms},
volume={2},[break] urldate={2016-12-14},
DOI={10.1038/nrmicro884},
number={5},
journal={Nature Reviews Microbiology},
year={2004},
pages={414-424}

@article{4_hackerkaper_2000,
author={Hacker, JörgKaper, James B.},
title={Pathogenicity Islands and the Evolution of Microbes},
volume={54},
urldate={2016-12-14},
DOI={10.1146/annurev.micro.54.1.641},
number={1},
journal={Annual Review of Microbiology},
year={2000},
pages={641-679}

@article{5_langillebrinkman_2009,
author={Langille, M. G. I.Brinkman, F. S. L.},
title={IslandViewer: an integrated interface for computational identification and visualization of genomic islands},
volume={25},[break] urldate={2016-12-14},
DOI={10.1093/bioinformatics/btp030},[
number={5},
journal={Bioinformatics},
year={2009},
pages={664-665}